@article{Amgros2015,
author = {Amgros},
file = {:Users/Maria/Desktop/19pr{\ae}skift.pdf:pdf},
journal = {Regionernes l{\ae}gemiddelorganisation},
title = {{Amgros status og perspektiver 2014-2015}},
year = {2015}
}
@article{Patientombuddet2013,
author = {Patientombuddet},
file = {:Users/Maria/Downloads/DPSD {\aa}rsberetning 2013  DEL 1.ashx.pdf:pdf},
pages = {1--15},
title = {{{\AA}rsberetning 2013, Dansk Patientsikkerheds Database Del 1}},
year = {2013}
}
@article{Amgros2017,
author = {Amgros},
file = {:Users/Maria/Desktop/andet/metodevejledning-for-omkostningsanalyser-af-nye-laegemidler-og-indikationer-i-hospitalssektoren.pdf:pdf},
pages = {10},
title = {{Metodevejledning for omkostningsanalyser af nye l{\ae}gemidler og indikationer i hospitalssektoren}},
year = {2017}
}
@article{Jensen2014,
author = {Jensen, Jens Winther},
file = {:Users/Maria/Downloads/UTH{\AA}rsrapport 2014.pdf:pdf},
journal = {Region Nordjylland},
title = {{{\AA}rsrapport 2014 patientsikkerhed}},
year = {2014}
}
@misc{Amgros2017a,
author = {Amgros},
title = {{Om processen}},
url = {http://www.amgros.dk/da/sundhedsoekonomi/nye-laegemidler/om-processen/},
year = {2017}
}
