@misc{Amgros2017a,
author = {Amgros},
title = {{Om processen}},
url = {http://www.amgros.dk/da/sundhedsoekonomi/nye-laegemidler/om-processen/},
year = {2017}
}
